<?xml version="1.0" encoding="UTF-8"?><collection xmlns="http://www.loc.gov/MARC21/slim"><record><leader>00365nam--2200133-i-4500</leader><controlfield tag="001">000004944</controlfield><controlfield tag="002">20161230</controlfield><controlfield tag="005">20161230201026</controlfield><controlfield tag="008">060222s1000------------r-----000-0-eng-d</controlfield><datafield ind1=" " ind2=" " tag="100"><subfield code="a">Bell, R.P</subfield></datafield><datafield ind1=" " ind2=" " tag="245"><subfield code="a">Acids and bases.their quantitative behaviour</subfield></datafield><datafield ind1=" " ind2=" " tag="260"><subfield code="a">London, Methuen, 1956. Vi + 90 P</subfield></datafield><datafield ind1=" " ind2=" " tag="490"><subfield code="a">Methuen S Monographs On Chemical Subjects</subfield></datafield><datafield ind1=" " ind2=" " tag="852"><subfield code="a">15079</subfield></datafield></record></collection>